@inproceedings{actors,
  author = {C. Hewitt and P. Bishop and R. Steiger},
  title = {{A Universal Modular ACTOR Formalism for Artificial Intelligence}},
  year = 1973,
  booktitle = {Proceedings of the Third IJCAI},
  address = {Stanford, MA},
  pages = {235--245},
}

@phdthesis{armstrong-thesis,
  author = {Joe Armstrong},
  title = {{Making reliable distributed systems in the presence of software errors}},
  school = {The Royal Institute of Technology},
  address = {Stockholm, Sweden},
  year = {2003}
}

@book{chez-scheme-users-guide,
  author = {R. Kent Dybvig},
  title = {{Chez Scheme Version 9 User's Guide}},
  publisher = {Cadence Research Systems},
  year = {2017},
  note = {\url{https://cisco.github.io/ChezScheme/csug9.5/csug.html}}
}

@article{dynamic-hashing,
  author = {William G. Griswold and Gregg M. Townsend},
  title = {The design and implementation of dynamic hashing for sets and tables in Icon},
  journal = {Software Practice and Experience},
  issue_date = {April 1993},
  volume = {23},
  number = {4},
  month = apr,
  year = {1993},
  pages = {351--367},
  publisher = {John Wiley \& Sons, Inc.},
  address = {New York, NY, USA}
}

@misc{dict-ref,
  title = {Erlang dict module},
  key = {Erlang dict module},
  note = {\url{http://www.erlang.org/doc/man/dict.html}}
}

@misc{erlang,
  title = {{Erlang}},
  key = {Erlang},
  note = {\url{http://www.erlang.org/}}
}

@misc{erlang-programming-rules,
  title = {{Programming Rules and Conventions}},
  key = {Erlang Programming Rules and Conventions},
  note = {\url{http://www.erlang.se/doc/programming_rules.shtml}}
}

@misc{gen-server-ref,
  title = {Erlang gen\_server module},
  key = {Erlang gen-server module},
  note = {\url{http://www.erlang.org/doc/man/gen\_server.html}}
}

@misc{html5,
  author={Ian Hickson},
  title = {{HTML 5}},
  year = {2014},
  month = {October},
  note={\url{http://www.w3.org/TR/2014/REC-html5-20141028/}}
}

@article{multithreaded-async-io,
  author = {Tom R. Dial},
  title = {{Multithreaded Asynchronous I/O \& I/O Completion Ports}},
  journal = {Dr. Dobb's Journal},
  year = {2007},
  month = {August},
  note = {\url{http://www.ddj.com/cpp/201202921}}
}

@inproceedings{one-shot,
  author = {Carl Bruggeman and Oscar Waddell and R. Kent Dybvig},
  title = {{Representing Control in the Presence of One-Shot Continuations}},
  booktitle = {{Proceedings of the ACM SIGPLAN '96 Conference on Programming Language Design and Implementation}},
  year = {1996},
  pages = {99--107}
}

@book{patterns-for-fault-tolerant-software,
  author = {Robert Hanmer},
  title = {{Patterns for Fault Tolerant Software}},
  publisher = {Wiley Publishing},
  year = {2007}
}

@misc{pregexp,
  author = {Dorai Sitaram},
  title = {{pregexp: Portable Regular Expressions for Scheme and Common Lisp}},
  year = {2005},
  note = {\url{http://ds26gte.github.io/pregexp/index.html}}
}

@book{programming-erlang,
  author = {Joe Armstrong},
  title = {{Programming Erlang---Software for a Concurrent World}},
  publisher = {The Pragmatic Bookshelf},
  year = {2007}
}

@misc{queue-ref,
  title = {Erlang queue module},
  key = {Erlang queue module},
  note = {\url{http://www.erlang.org/doc/man/queue.html}}
}

@misc{RFC2822,
  author = {E. Resnick},
  title = {{Internet Message Format}},
  publisher = {Internet Engineering Task Force},
  year = {2001},
  month = {April},
  note = {\url{http://www.ietf.org/rfc/rfc2822.txt}}
}

@misc{RFC7159,
  author = {T. Bray},
  title = {{The JavaScript Object Notation (JSON) Data Interchange Format}},
  series = {Request for Comments},
  number = {7159},
  howpublished = {RFC 7159 (Proposed Standard)},
  publisher = {IETF},
  organization = {Internet Engineering Task Force},
  year = {2014},
  month = {March},
  note = {\url{http://www.ietf.org/rfc/rfc7159.txt}}
}

@misc{RFC7230,
  author = {R. Fielding and J. Reschke},
  title = {{Hypertext Transfer Protocol (HTTP/1.1): Message Syntax and Routing}},
  series = {Request for Comments},
  number = {7230},
  howpublished = {RFC 7230 (Proposed Standard)},
  publisher = {IETF},
  organization = {Internet Engineering Task Force},
  year = {2014},
  month = {June},
  note = {\url{http://www.ietf.org/rfc/rfc7230.txt}}
}

@misc{sqlite,
  title = {{SQLite}},
  key = {sqlite},
  note = {\url{http://www.sqlite.org/}}
}

@book{sqlite-guide,
  author = {Michael Owens},
  title = {{The Definitive Guide to SQLite}},
  publisher = {Apress},
  year = {2006}
}

@misc{supervisor-ref,
  title = {Erlang supervisor module},
  key = {Erlang supervisor module},
  note = {\url{http://www.erlang.org/doc/man/supervisor.html}}
}

@article{syntactic-abstraction,
  author = {R. Kent Dybvig and Robert Hieb and Carl Bruggeman},
  title = {{Syntactic Abstraction in Scheme}},
  journal = {Lisp and Symbolic Computation},
  volume = {5},
  year = {1992},
  pages = {83--110}
}

@book{the-scheme-programming-language,
  author = {R. Kent Dybvig},
  title = {{The Scheme Programming Language}},
  publisher = {Cadence Research Systems},
  year = {2009},
  note = {\url{http://www.scheme.com/tspl4}}
}

@inproceedings{representing-control,
  author = {Robert Hieb and R. Kent Dybvig and Carl Bruggeman},
  title = {{Representing Control in the Presence of First-Class Continuations}},
  booktitle = {{Proceedings of the ACM SIGPLAN '90 Conference on Programming Language Design and Implementation}},
  year = {1990},
  pages = {66--77}
}

@misc{winusb,
  key = {How to Use {WinUSB} to Communicate with a {USB} Device},
  title = {{How to Use {WinUSB} to Communicate with a {USB} Device}},
  note = {\url{http://download.microsoft.com/download/9/C/5/9C5B2167-8017-4BAE-9FDE-D599BAC8184A/WinUsb_HowTo.docx},Accessed: July, 2014}
}

@book{zero-configuration-networking,
  author = {Stuart Cheshire and Daniel H. Steinberg},
  title = {{Zero Configuration Networking---The Definitive Guide}},
  publisher = {O'Reilly Media, Inc.},
  year = {2006},
}
